<record xmlns="http://www.loc.gov/MARC21/slim" xmlns:xsi="http://www.w3.org/2001/XMLSchema-instance" xsi:schemaLocation="http://www.loc.gov/MARC21/slim http://www.loc.gov/standards/marcxml/schema/MARC21slim.xsd"><leader>01927nam a2200361   4500</leader><controlfield tag="001">3532230</controlfield><controlfield tag="003">NIC</controlfield><controlfield tag="006">m        d        </controlfield><controlfield tag="007">cr cn |||m|||a</controlfield><controlfield tag="008">150223r19631855ua      o     000 0 ara  </controlfield><datafield ind1=" " ind2=" " tag="040"><subfield code="a">NNU</subfield><subfield code="b">eng</subfield><subfield code="e">rda</subfield><subfield code="c">NNU</subfield></datafield><datafield ind1="0" ind2="4" tag="050"><subfield code="a">PJ7755</subfield><subfield code="b">.I175 1963</subfield></datafield><datafield ind1="0" ind2=" " tag="100"><subfield code="6">880-01</subfield><subfield code="a">Ibn al-&#699;Arabi&#772;,</subfield><subfield code="d">1165-1240.</subfield></datafield><datafield ind1="1" ind2="0" tag="240"><subfield code="6">880-02</subfield><subfield code="a">Diwa&#772;n</subfield></datafield><datafield ind1="1" ind2="0" tag="245"><subfield code="6">880-03</subfield><subfield code="a">Di&#772;wa&#772;n Ibn &#699;Arabi&#772; /</subfield><subfield code="c">Abu&#772; Bakr Muh&#803;yi&#772; al-Di&#772;n ibn &#699;Arabi&#772; al-H&#803;a&#772;timi&#772;.</subfield></datafield><datafield ind1=" " ind2=" " tag="260"><subfield code="6">880-04</subfield><subfield code="a">[Bu&#772;la&#772;q Mis&#803;r :</subfield><subfield code="b">Da&#772;r al-T&#803;iba&#772;&#699;ah al-Ba&#772;hirah] ;</subfield><subfield code="a">[Baghda&#772;d] :</subfield><subfield code="b">[Maktabat al-Muthanna&#769;],</subfield><subfield code="c">[1963?, &#169;1855]</subfield></datafield><datafield ind1=" " ind2=" " tag="300"><subfield code="a">online resource (478 pages)</subfield></datafield><datafield ind1=" " ind2=" " tag="336"><subfield code="a">text</subfield><subfield code="2">rdacontent</subfield></datafield><datafield ind1=" " ind2=" " tag="337"><subfield code="a">computer</subfield><subfield code="2">rdamedia</subfield></datafield><datafield ind1=" " ind2=" " tag="338"><subfield code="a">online resource</subfield><subfield code="2">rdacarrier</subfield></datafield><datafield ind1=" " ind2=" " tag="500"><subfield code="a">Part of the Arabic Collections Online (ACO) project, contributed by Cornell University Libraries.</subfield></datafield><datafield ind1=" " ind2=" " tag="533"><subfield code="a">Electronic reproduction.</subfield><subfield code="b">New York, N.Y. :</subfield><subfield code="c">New York University,</subfield><subfield code="d">2015.</subfield><subfield code="5">NNU</subfield></datafield><datafield ind1="2" ind2=" " tag="710"><subfield code="a">Cornell University.</subfield><subfield code="b">Libraries.</subfield></datafield><datafield ind1="0" ind2=" " tag="730"><subfield code="a">Arabic Collections Online.</subfield></datafield><datafield ind1="0" ind2="8" tag="776"><subfield code="i">Online version:</subfield><subfield code="a">Ibn al-&#699;Arabi&#772;, 1165-1240.</subfield><subfield code="t">Di&#772;wa&#772;n Ibn &#699;Arabi&#772;.</subfield><subfield code="d">[Bu&#772;la&#772;q Mis&#803;r : Da&#772;r al-T&#803;iba&#772;&#699;ah al-Ba&#772;hirah ; Baghda&#772;d : Maktabat al-Muthanna&#769;, 1963?, &#169;1855]</subfield><subfield code="w">(OCoLC)571387583</subfield></datafield><datafield ind1="0" ind2="8" tag="776"><subfield code="i">Print version:</subfield><subfield code="a">Ibn al-&#699;Arabi&#772;, 1165-1240.</subfield><subfield code="t">Di&#772;wa&#772;n Ibn &#699;Arabi&#772;</subfield><subfield code="w">(NIC)3532230</subfield><subfield code="w">(DLC)ne 65001455 </subfield><subfield code="w">(OCoLC)19601928</subfield></datafield><datafield ind1="4" ind2="0" tag="856"><subfield code="u">http://hdl.handle.net/2333.1/37pvmg1b</subfield></datafield><datafield ind1="0" ind2=" " tag="880"><subfield code="6">100-01/r</subfield><subfield code="a">&#1573;&#1576;&#1606; &#1575;&#1604;&#1593;&#1585;&#1576;&#1610;&#1548;</subfield><subfield code="d">1165-1240.</subfield></datafield><datafield ind1="1" ind2="0" tag="880"><subfield code="6">240-02/r</subfield><subfield code="a">&#1583;&#1608;&#1575;&#1606;</subfield></datafield><datafield ind1="1" ind2="0" tag="880"><subfield code="6">245-03/r</subfield><subfield code="a">&#1583;&#1610;&#1608;&#1575;&#1606; &#1575;&#1576;&#1606; &#1593;&#1585;&#1576;&#1610; /</subfield><subfield code="c">&#1571;&#1576;&#1608; &#1576;&#1603;&#1585; &#1605;&#1581;&#1610;&#1610; &#1575;&#1604;&#1583;&#1610;&#1606; &#1576;&#1606; &#1593;&#1585;&#1576;&#1610; &#1575;&#1604;&#1581;&#1575;&#1578;&#1605;&#1610;.</subfield></datafield><datafield ind1=" " ind2=" " tag="880"><subfield code="6">260-04/r</subfield><subfield code="a">[&#1576;&#1608;&#1604;&#1575;&#1602; &#1605;&#1589;&#1585; :</subfield><subfield code="b">&#1583;&#1575;&#1585; &#1575;&#1604;&#1591;&#1576;&#1575;&#1593;&#1577; &#1575;&#1604;&#1576;&#1575;&#1607;&#1585;&#1577; &#1563;</subfield><subfield code="a">&#1576;&#1594;&#1583;&#1575;&#1583; :</subfield><subfield code="b">&#1605;&#1603;&#1578;&#1576;&#1577; &#1575;&#1604;&#1605;&#1579;&#1606;&#1609;&#1548;</subfield><subfield code="c">1963&#1567;, c1855]</subfield></datafield><datafield ind1=" " ind2=" " tag="959"><subfield code="a">NNU</subfield><subfield code="b">WEB</subfield><subfield code="c">GENI</subfield><subfield code="t">0</subfield><subfield code="m">Electronic access</subfield><subfield code="s">01</subfield></datafield><datafield ind1=" " ind2=" " tag="999"><subfield code="i">NIC_3532230</subfield><subfield code="o">(OCoLC)ocm19601928</subfield><subfield code="s">cornell_aco000154</subfield></datafield></record>